
@INPROCEEDINGS{Silvio2014, 
author={Cardoso, D. S. and Serique, J. K. and Amanqui, K. F. and Campos dos Santos, L. J. and Moreira, A. D.}, 
publisher={Web2Touch 2014 - Modelling the Collaborative Web Knowledge}, 
title={A Gazetteer for Biodiversity Data as a Linked Open Data Solution}, 
year={2014}, 
month={Jun}, 
doi={http://web2touch2014.tudor.lu/Accepted.html},}

@article{Aslam2004,
    added-at = {2005-04-05T00:00:00.000+0200},
    author = {Aslam, Javed A. and Pelekhov, Ekaterina and Rus, Daniela},
    biburl = {http://www.bibsonomy.org/bibtex/2dcf1eeedcd06964804633697f3f61603/dblp},
    date = {2005-04-05},
    description = {dblp},
    ee = {http://jgaa.info/accepted/2004/Aslam+2004.8.1.pdf},
    interhash = {2a7d6b8c909f7a3251c5ebf79b24863d},
    intrahash = {dcf1eeedcd06964804633697f3f61603},
    journal = {J. Graph Algorithms Appl.},
    keywords = {dblp},
    pages = {95-129},
    timestamp = {2005-04-05T00:00:00.000+0200},
    title = {The Star Clustering Algorithm for Static and Dynamic Information Organization.},
    url = {http://dblp.uni-trier.de/db/journals/jgaa/jgaa8.html#AslamPR04},
    volume = 8,
    year = 2004
}





